<record><leader>00000cas a2200000 a 4500</leader><controlfield tag="001">55652518</controlfield><controlfield tag="008">040615c20039999nyuer ne      0    0spa c</controlfield><datafield ind1=" " ind2=" " tag="010"><subfield code="a">sn2004060413</subfield></datafield><datafield ind1=" " ind2=" " tag="040"><subfield code="a">NYS</subfield><subfield code="b">eng</subfield><subfield code="c">NYS</subfield><subfield code="d">OCLCQ</subfield><subfield code="d">OCLCO</subfield></datafield><datafield ind1="1" ind2=" " tag="029"><subfield code="a">AU@</subfield><subfield code="b">000025864328</subfield></datafield><datafield ind1=" " ind2=" " tag="037"><subfield code="b">EcuaTimes International, Inc., 48 Frog Pond Court, Huntington Station, N.Y. 11746-3348</subfield></datafield><datafield ind1=" " ind2=" " tag="042"><subfield code="a">pcc</subfield></datafield><datafield ind1=" " ind2=" " tag="043"><subfield code="a">n-us-ny</subfield></datafield><datafield ind1="0" ind2="0" tag="245"><subfield code="a">EcuaTimes.</subfield></datafield><datafield ind1=" " ind2=" " tag="260"><subfield code="a">Huntington Station, N.Y. :</subfield><subfield code="b">Ecuatimes International Inc.,</subfield><subfield code="c">2003-</subfield></datafield><datafield ind1=" " ind2=" " tag="300"><subfield code="a">v. :</subfield><subfield code="b">ill. (some col.) ;</subfield><subfield code="c">36 cm.</subfield></datafield><datafield ind1=" " ind2=" " tag="310"><subfield code="a">Biweekly</subfield></datafield><datafield ind1="1" ind2=" " tag="362"><subfield code="a">Founded in 2003.</subfield><subfield code="z">Cf. masthead.</subfield></datafield><datafield ind1=" " ind2=" " tag="500"><subfield code="a">For the Ecuadorian community in the tri-state area.</subfield></datafield><datafield ind1=" " ind2=" " tag="588"><subfield code="a">Description based on: An&#771;o 2, vol. 10 (16 al 31 de Mayo, 2004).</subfield></datafield><datafield ind1=" " ind2="0" tag="650"><subfield code="a">Ecuadorians</subfield><subfield code="z">Connecticut</subfield><subfield code="z">Newspapers.</subfield></datafield><datafield ind1=" " ind2="0" tag="650"><subfield code="a">Ecuadorians</subfield><subfield code="z">New Jersey</subfield><subfield code="z">Newspapers.</subfield></datafield><datafield ind1=" " ind2="0" tag="650"><subfield code="a">Ecuadorians</subfield><subfield code="z">New York (State)</subfield><subfield code="z">Newspapers.</subfield></datafield><datafield ind1=" " ind2="0" tag="650"><subfield code="a">Ecuadorian Americans</subfield><subfield code="z">New York (State)</subfield><subfield code="z">Newspapers.</subfield></datafield><datafield ind1=" " ind2="0" tag="651"><subfield code="a">Huntington Station (N.Y.)</subfield><subfield code="v">Newspapers.</subfield></datafield><datafield ind1=" " ind2="0" tag="651"><subfield code="a">Suffolk County (N.Y.)</subfield><subfield code="v">Newspapers.</subfield></datafield><datafield ind1=" " ind2=" " tag="752"><subfield code="a">United States</subfield><subfield code="b">New York</subfield><subfield code="c">Suffolk</subfield><subfield code="d">Huntington Station.</subfield></datafield></record>